@misc{Karner:2022,
  doi = {10.48550/ARXIV.2210.00805},
  
  url = {https://arxiv.org/abs/2210.00805},
  
  author = {Karner, Clemens and Kazeev, Vladimir and Petersen, Philipp Christian},
  
  keywords = {Machine Learning (cs.LG), Functional Analysis (math.FA), Machine Learning (stat.ML), FOS: Computer and information sciences, FOS: Computer and information sciences, FOS: Mathematics, FOS: Mathematics, 65G50, 68T07, 41A25, 68T09},
  
  title = {Limitations of neural network training due to numerical instability of backpropagation},
  
  publisher = {arXiv},
  
  year = {2022},
  
  copyright = {Creative Commons Attribution 4.0 International}
}

@misc{Ostwald:2021,
  doi = {10.48550/ARXIV.2107.09384},
  
  url = {https://arxiv.org/abs/2107.09384},
  
  author = {Ostwald, Dirk and Us√©e, Franziska},
  
  keywords = {Machine Learning (stat.ML), Machine Learning (cs.LG), Statistics Theory (math.ST), Neurons and Cognition (q-bio.NC), FOS: Computer and information sciences, FOS: Computer and information sciences, FOS: Mathematics, FOS: Mathematics, FOS: Biological sciences, FOS: Biological sciences},
  
  title = {An induction proof of the backpropagation algorithm in matrix notation},
  
  publisher = {arXiv},
  
  year = {2021},
  
  copyright = {Creative Commons Attribution Non Commercial Share Alike 4.0 International}
}
